% Encoding: UTF-8

@Book{石树刚1993关系数据库,
  title     = {关系数据库},
  publisher = {清华大学出版社},
  year      = {1993},
  author    = {石树刚},
  language  = {Chinese},
}

@Article{黄贤立2010NoSQL,
  author   = {黄贤立},
  title    = {NoSQL非关系型数据库的发展及应用初探},
  journal  = {福建电脑},
  year     = {2010},
  volume   = {26},
  number   = {7},
  pages    = {30-30},
  language = {Chinese},
}

@Article{潘群华2002分布式数据库系统中数据一致性维护方法,
  author   = {潘群华 and 吴秋云 and 陈宏盛},
  title    = {分布式数据库系统中数据一致性维护方法},
  journal  = {计算机工程},
  year     = {2002},
  volume   = {28},
  number   = {9},
  pages    = {255-257},
  language = {Chinese},
}

@Article{刘娜2009关系数据库事务操作及并发控制机制,
  author   = {刘娜},
  title    = {关系数据库事务操作及并发控制机制},
  journal  = {电脑知识与技术},
  year     = {2009},
  volume   = {5},
  number   = {11},
  pages    = {2807-2808},
  language = {Chinese},
}

@Article{王婉菲2003数据库集群系统的研究与实施,
  author   = {王婉菲 and 王欣 and 张志浩},
  title    = {数据库集群系统的研究与实施},
  journal  = {微型电脑应用},
  year     = {2003},
  volume   = {19},
  number   = {10},
  pages    = {31-33},
  language = {Chinese},
}

@Thesis{赵鑫2015键值数据库在云计算中的应用与实现,
  author   = {赵鑫},
  title    = {键值数据库在云计算中的应用与实现},
  year     = {2015},
  language = {Chinese},
  school   = {电子科技大学},
}

@Article{金天荣2008文档数据库与关系数据库研究,
  author   = {金天荣},
  title    = {文档数据库与关系数据库研究},
  journal  = {微计算机信息},
  year     = {2008},
  volume   = {24},
  number   = {3},
  pages    = {28+179-180},
  language = {Chinese},
}

@Article{程耀东2006图形数据库应用技术研究,
  author   = {程耀东 and 赵建昌 and 徐军},
  title    = {图形数据库应用技术研究},
  journal  = {图学学报},
  year     = {2006},
  volume   = {27},
  number   = {1},
  pages    = {143-148},
  language = {Chinese},
}

@Article{陈金水2006非结构化数据存储管理的实用化方法,
  author   = {陈金水 and 王崟},
  title    = {非结构化数据存储管理的实用化方法},
  journal  = {计算机与现代化},
  year     = {2006},
  number   = {8},
  pages    = {25-28},
  language = {Chinese},
}

@Book{王珊1998数据库系统原理教程,
  title     = {数据库系统原理教程},
  publisher = {清华大学出版社},
  year      = {1998},
  author    = {王珊},
  language  = {Chinese},
}

@Article{齐勇2001分布式事务处理技术及其模型,
  author   = {齐勇 and 马莉},
  title    = {分布式事务处理技术及其模型},
  journal  = {计算机工程与应用},
  year     = {2001},
  volume   = {37},
  number   = {9},
  pages    = {60-62},
  language = {Chinese},
}

@Article{王元卓2013网络大数据,
  author   = {王元卓 and 靳小龙 and 程学旗},
  title    = {网络大数据:现状与展望},
  journal  = {计算机学报},
  year     = {2013},
  volume   = {36},
  number   = {6},
  pages    = {1125-1138},
  language = {Chinese},
}

@Article{Date1982guide,
  author  = {Date, By] C. J. and Darwen, With Hugh},
  title   = {guide to the SQL standard : a user's guide to the standard database language SQL : [covers CLI and PSM] | Clc},
  journal = {Software Engineering},
  year    = {1982},
}

@Article{薛军2003负载均衡技术的发展,
  author   = {薛军 and 李增智 and 王云岚},
  title    = {负载均衡技术的发展},
  journal  = {小型微型计算机系统},
  year     = {2003},
  volume   = {24},
  number   = {12},
  pages    = {2100-2103},
  language = {Chinese},
}

@Book{Eckel2007Thinking,
  title     = {Thinking in Java},
  publisher = {China Machine Press},
  year      = {2007},
  author    = {Eckel, Bruce},
  pages     = {212},
}

@Article{吴溥峰2006数据库安全综述,
  author   = {吴溥峰 and 张玉清},
  title    = {数据库安全综述},
  journal  = {计算机工程},
  year     = {2006},
  volume   = {32},
  number   = {12},
  pages    = {85-88},
  language = {Chinese},
}

@Thesis{黄志国2006数据库安全审计的研究,
  author   = {黄志国},
  title    = {数据库安全审计的研究},
  year     = {2006},
  language = {Chinese},
  school   = {中北大学},
}

@Article{夏玉萍2007网格数据库技术的分析及应用,
  author   = {夏玉萍 and 赵焕平 and 张莉 and 李敬文},
  title    = {网格数据库技术的分析及应用},
  journal  = {重庆理工大学学报},
  year     = {2007},
  volume   = {21},
  number   = {12},
  pages    = {98-101},
  language = {Chinese},
}

@Article{左凤朝2001面向对象数据模型的研究,
  author   = {左凤朝 and 王文德},
  title    = {面向对象数据模型的研究},
  journal  = {计算机工程与应用},
  year     = {2001},
  volume   = {37},
  number   = {16},
  pages    = {110-112},
  language = {Chinese},
}

@Book{邵佩英2005分布式数据库系统及其应用,
  title     = {分布式数据库系统及其应用},
  publisher = {科学出版社},
  year      = {2005},
  author    = {邵佩英},
  language  = {Chinese},
}

@Conference{han2011survey,
  author       = {Han, Jing and Haihong, E and Le, Guan and Du, Jian},
  title        = {Survey on NoSQL database},
  booktitle    = {Pervasive computing and applications (ICPCA), 2011 6th international conference on},
  year         = {2011},
  pages        = {363--366},
  organization = {IEEE},
}

@Thesis{孙建良2013分布式存储系统可用性与一致性研究,
  author   = {孙建良},
  title    = {分布式存储系统可用性与一致性研究},
  year     = {2013},
  language = {Chinese},
  school   = {华中科技大学},
}

@Article{Corbett2013Spanner,
  author  = {Corbett, James C. and Dean, Jeffrey and Epstein, Michael and Fikes, Andrew and Frost, Christopher and Furman, J. J. and Ghemawat, Sanjay and Gubarev, Andrey and Heiser, Christopher and Hochschild, Peter},
  title   = {Spanner: Google’s Globally Distributed Database},
  journal = {Acm Transactions on Computer Systems},
  year    = {2013},
  volume  = {31},
  number  = {3},
  pages   = {8},
}

@Article{Yang2014The,
  author  = {Yang, Zhen Kun},
  title   = {The architecture of OceanBase relational database system},
  journal = {华东师范大学学报(自然科学版)},
  year    = {2014},
}

@Book{Redkar2009SQL,
  title     = {SQL Azure},
  publisher = {Apress},
  year      = {2009},
  author    = {Redkar, Tejaswi},
  pages     = {505-584},
}

@Article{Tesoriero2013Getting,
  author = {Tesoriero, Claudio},
  title  = {Getting started with OrientDB},
  year   = {2013},
}

@Book{Gormley2015Elasticsearch,
  title     = {Elasticsearch: The Definitive Guide},
  publisher = {O'Reilly Media, Inc.},
  year      = {2015},
  author    = {Gormley, Clinton and Tong, Zachary},
}

@Book{Widenius2002Mysql,
  title     = {Mysql Reference Manual},
  publisher = {O'Reilly \& Associates, Inc.},
  year      = {2002},
  author    = {Widenius, Michael},
}

@Article{Johns2013Getting,
  author = {Johns, Mat},
  title  = {Getting started with Hazelcast},
  year   = {2013},
}

@Article{王先兵1997面向最终用户的原型化方法,
  author   = {王先兵 and 唐旭章},
  title    = {面向最终用户的原型化方法},
  journal  = {计算机应用},
  year     = {1997},
  number   = {3},
  pages    = {40-42},
  language = {Chinese},
}

@Article{Cattell1997Jdbc,
  author  = {Cattell, R. and Fisher, M.},
  title   = {Jdbc database access with java},
  journal = {Isbn},
  year    = {1997},
}

@Article{NettyNetty,
  author   = {Netty框架},
  title    = {Netty构建网络应用服务器的研究与实现},
  year     = {2013},
  language = {Chinese},
}

@Thesis{安延文2016数据库审计系统中,
  author   = {安延文},
  title    = {数据库审计系统中MySQL协议的研究与解析},
  year     = {2016},
  language = {Chinese},
  school   = {华北电力大学(北京) 华北电力大学},
}

@Thesis{党永兴2014键值数据库存储引擎设计与实现,
  author   = {党永兴},
  title    = {键值数据库存储引擎设计与实现},
  year     = {2014},
  language = {Chinese},
  school   = {华中科技大学},
}

@Article{Betke2017Real,
  author = {Betke, Eugen and Kunkel, Julian},
  title  = {Real-Time I/O-Monitoring of HPC Applications with SIOX, Elasticsearch, Grafana and FUSE},
  year   = {2017},
}

@Article{Won1982关系数据库系统,
  author   = {Won Kim and 漆永新},
  title    = {关系数据库系统},
  journal  = {计算机科学},
  year     = {1982},
  number   = {4},
  pages    = {13-24},
  language = {Chinese},
}

@Article{萧美阳2006并发控制实现方法的比较研究,
  author   = {萧美阳 and 叶晓俊},
  title    = {并发控制实现方法的比较研究},
  journal  = {计算机应用研究},
  year     = {2006},
  volume   = {23},
  number   = {6},
  pages    = {19-22},
  language = {Chinese},
}

@Article{陈楠1998分布式数据库系统数据分布策略分析,
  author   = {陈楠},
  title    = {分布式数据库系统数据分布策略分析},
  journal  = {计算机时代},
  year     = {1998},
  number   = {10},
  pages    = {8-10},
  language = {Chinese},
}

@Article{Dashti2016Repairing,
  author = {Dashti, Mohammad and John, Sachin Basil and Shaikhha, Amir and Koch, Christoph},
  title  = {Repairing Conflicts among MVCC Transactions},
  year   = {2016},
}

@Thesis{别小凡2013分布式内存数据库的设计与实现,
  author   = {别小凡},
  title    = {分布式内存数据库的设计与实现},
  year     = {2013},
  language = {Chinese},
  school   = {西安电子科技大学},
}

@Book{Hitchens2002Java,
  title     = {Java Nio},
  publisher = {O'Reilly \& Associates, Inc.},
  year      = {2002},
  author    = {Hitchens, Ron},
  pages     = {págs. 452-499},
}

@Comment{jabref-meta: databaseType:bibtex;}
