% Encoding: UTF-8
% !Mode:: "TeX:UTF-8"
%[1] 王浩刚，聂在平.基于mysql的分布式数据库的研究和实现[J].电子学报，1999, 27(12): 68-71

@article{thesis28,
  title={分布式数据库技术的研究与实现},
  author={杨东 and 谢菲},
  journal={电子科学技术},
  volume={02},
  number={01},
  pages={68--71},
  year={2015},
  language =     {Chinese}
}
